<record><leader>00000cas a2200000 a 4500</leader><controlfield tag="001">23906496</controlfield><controlfield tag="008">910610d19891997orumr ne     f0   a0eng c</controlfield><datafield ind1=" " ind2=" " tag="010"><subfield code="a">sn 93050506 </subfield></datafield><datafield ind1=" " ind2=" " tag="040"><subfield code="a">ORU</subfield><subfield code="b">eng</subfield><subfield code="c">ORU</subfield><subfield code="d">ANU</subfield><subfield code="d">CNK</subfield><subfield code="d">ORU</subfield><subfield code="d">CVF</subfield><subfield code="d">OCLCQ</subfield><subfield code="d">ORU</subfield><subfield code="d">OCLCQ</subfield><subfield code="d">OCLCF</subfield><subfield code="d">OCLCO</subfield></datafield><datafield ind1="1" ind2=" " tag="029"><subfield code="a">AU@</subfield><subfield code="b">000020039510</subfield></datafield><datafield ind1=" " ind2=" " tag="042"><subfield code="a">pcc</subfield></datafield><datafield ind1=" " ind2=" " tag="043"><subfield code="a">n-us-or</subfield></datafield><datafield ind1="1" ind2="4" tag="050"><subfield code="a">E78.O6</subfield><subfield code="b">S523</subfield></datafield><datafield ind1="0" ind2="0" tag="245"><subfield code="a">Siletz news letter.</subfield></datafield><datafield ind1="1" ind2="3" tag="246"><subfield code="a">Siletz newsletter</subfield><subfield code="f">Feb. 1992-</subfield></datafield><datafield ind1="1" ind2="7" tag="246"><subfield code="a">Siletz news</subfield></datafield><datafield ind1=" " ind2=" " tag="260"><subfield code="a">Siletz, Or. :</subfield><subfield code="b">Confederated Tribes of Siletz Indians</subfield></datafield><datafield ind1=" " ind2=" " tag="300"><subfield code="a">v. :</subfield><subfield code="b">ill. ;</subfield><subfield code="c">35 cm.</subfield></datafield><datafield ind1=" " ind2=" " tag="310"><subfield code="a">Monthly</subfield></datafield><datafield ind1="1" ind2=" " tag="362"><subfield code="a">Began in 1989; ceased in 1997.</subfield></datafield><datafield ind1=" " ind2=" " tag="588"><subfield code="a">Description based on: Vol. 7, no. 4 (Oct. 1989).</subfield></datafield><datafield ind1=" " ind2=" " tag="588"><subfield code="a">Latest issue consulted: Vol. 14, no. 8 (Jan. 1997).</subfield></datafield><datafield ind1=" " ind2="0" tag="651"><subfield code="a">Confederated Tribes of the Siletz Reservation, Oregon</subfield><subfield code="v">Newspapers.</subfield></datafield><datafield ind1=" " ind2="0" tag="650"><subfield code="a">Siletz Indians</subfield><subfield code="v">Newspapers.</subfield></datafield><datafield ind1=" " ind2="0" tag="651"><subfield code="a">Siletz Indian Reservation (Or.)</subfield><subfield code="v">Newspapers.</subfield></datafield><datafield ind1=" " ind2="0" tag="650"><subfield code="a">Indians of North America</subfield><subfield code="z">Oregon</subfield><subfield code="v">Newspapers.</subfield></datafield><datafield ind1=" " ind2="0" tag="651"><subfield code="a">Siletz (Or.)</subfield><subfield code="v">Newspapers.</subfield></datafield><datafield ind1=" " ind2="7" tag="655"><subfield code="a">Newspapers.</subfield><subfield code="2">fast</subfield><subfield code="0">(OCoLC)fst01423814</subfield></datafield><datafield ind1="2" ind2="7" tag="610"><subfield code="a">Confederated Tribes of the Siletz Reservation, Oregon.</subfield><subfield code="2">fast</subfield><subfield code="0">(OCoLC)fst01715441</subfield></datafield><datafield ind1=" " ind2="7" tag="650"><subfield code="a">Indians of North America.</subfield><subfield code="2">fast</subfield><subfield code="0">(OCoLC)fst00969633</subfield></datafield><datafield ind1=" " ind2="7" tag="650"><subfield code="a">Siletz Indians.</subfield><subfield code="2">fast</subfield><subfield code="0">(OCoLC)fst01118573</subfield></datafield><datafield ind1=" " ind2="7" tag="651"><subfield code="a">Oregon.</subfield><subfield code="2">fast</subfield><subfield code="0">(OCoLC)fst01204579</subfield></datafield><datafield ind1=" " ind2="7" tag="651"><subfield code="a">Oregon</subfield><subfield code="z">Siletz.</subfield><subfield code="2">fast</subfield><subfield code="0">(OCoLC)fst01867223</subfield></datafield><datafield ind1=" " ind2="7" tag="651"><subfield code="a">Oregon</subfield><subfield code="z">Siletz Indian Reservation.</subfield><subfield code="2">fast</subfield><subfield code="0">(OCoLC)fst01269133</subfield></datafield><datafield ind1="1" ind2=" " tag="710"><subfield code="a">Confederated Tribes of the Siletz Reservation, Oregon.</subfield></datafield><datafield ind1=" " ind2=" " tag="752"><subfield code="a">United States</subfield><subfield code="b">Oregon</subfield><subfield code="c">Lincoln</subfield><subfield code="d">Siletz.</subfield></datafield><datafield ind1="0" ind2="0" tag="780"><subfield code="t">Siletz news (Siletz, Or. : 1983)</subfield><subfield code="w">(DLC)sn 85011038</subfield><subfield code="w">(OCoLC)11509962</subfield></datafield><datafield ind1="0" ind2="0" tag="785"><subfield code="t">Siletz tribal newsletter</subfield><subfield code="w">(DLC)sn 00062040</subfield><subfield code="w">(OCoLC)41478224</subfield></datafield></record>